<?xml version="1.0" encoding="UTF-8"?>
<collection xmlns:xsi="http://www.w3.org/2001/XMLSchema-instance" xsi:schemaLocation="http://www.loc.gov/MARC21/slim http://www.loc.gov/standards/marcxml/schema/MARC21slim.xsd" xmlns="http://www.loc.gov/MARC21/slim">
<record>
  <leader>00737cam a22002171i 4500</leader>
  <controlfield tag="001">2957962</controlfield>
  <controlfield tag="003">NNC</controlfield>
  <controlfield tag="005">20130426002604.0</controlfield>
  <controlfield tag="008">010212s192u    ua            000 0 ara d</controlfield>
  <datafield tag="035" ind1=" " ind2=" ">
    <subfield code="a">(OCoLC)ocm45894600</subfield>
  </datafield>
  <datafield tag="035" ind1=" " ind2=" ">
    <subfield code="9">ASK3058CU</subfield>
  </datafield>
  <datafield tag="035" ind1=" " ind2=" ">
    <subfield code="a">(NNC)2957962</subfield>
  </datafield>
  <datafield tag="040" ind1=" " ind2=" ">
    <subfield code="a">ZCU</subfield>
    <subfield code="c">ZCU</subfield>
  </datafield>
  <datafield tag="090" ind1=" " ind2=" ">
    <subfield code="a">BP88.B39</subfield>
    <subfield code="b">M8</subfield>
  </datafield>
  <datafield tag="100" ind1="1" ind2=" ">
    <subfield code="a">Bayhaqī, Aḥmad ibn al-Ḥusayn,</subfield>
    <subfield code="d">994-1066.</subfield>
  </datafield>
  <datafield tag="245" ind1="1" ind2="0">
    <subfield code="a">Mukhtaṣar shuʻab al-īmān /</subfield>
    <subfield code="c">li Abī Bakr Aḥmad ibn al-Husayn al-Bayhaqī ; taʾlīf Abī Jaʻfar ʻUmar al-Qazwīnī.</subfield>
  </datafield>
  <datafield tag="260" ind1=" " ind2=" ">
    <subfield code="a">[al-Qāhirah] :</subfield>
    <subfield code="b">Maṭba at al-Saʻādah,</subfield>
    <subfield code="c">[192-?]</subfield>
  </datafield>
  <datafield tag="300" ind1=" " ind2=" ">
    <subfield code="a">96 p. ;</subfield>
    <subfield code="c">24 cm.</subfield>
  </datafield>
  <datafield tag="650" ind1=" " ind2="0">
    <subfield code="a">Islam</subfield>
    <subfield code="x">Essence, genius, nature.</subfield>
  </datafield>
  <datafield tag="700" ind1="1" ind2=" ">
    <subfield code="a">Qazwīnī, Abū Jaʻfar ʻUmar,</subfield>
    <subfield code="d">-1299.</subfield>
  </datafield>
  <datafield tag="955" ind1=" " ind2=" ">
    <subfield code="b">CU55319912</subfield>
    <subfield code="d">off,glx</subfield>
    <subfield code="e">BP88.B39 M8</subfield>
  </datafield>
</record>
</collection>